[gd_scene load_steps=15 format=2]

[ext_resource path="res://CommonRecourses/sounds/happy.wav" type="AudioStream" id=1]
[ext_resource path="res://Scenes/npc/Area2Dnpc.gd" type="Script" id=2]
[ext_resource path="res://SpriteSheets/Lemon/lemon08.png" type="Texture" id=3]
[ext_resource path="res://SpriteSheets/Lemon/lemon09.png" type="Texture" id=4]
[ext_resource path="res://SpriteSheets/Lemon/lemon07.png" type="Texture" id=5]
[ext_resource path="res://SpriteSheets/Lemon/lemon04.png" type="Texture" id=6]
[ext_resource path="res://SpriteSheets/Lemon/lemon05.png" type="Texture" id=7]
[ext_resource path="res://SpriteSheets/Lemon/lemon06.png" type="Texture" id=8]
[ext_resource path="res://SpriteSheets/Lemon/lemon03.png" type="Texture" id=9]
[ext_resource path="res://SpriteSheets/Lemon/lemon01.png" type="Texture" id=10]
[ext_resource path="res://SpriteSheets/Lemon/lemon02.png" type="Texture" id=11]
[ext_resource path="res://CommonRecourses/AnimatedSpeechBubble.tscn" type="PackedScene" id=12]

[sub_resource type="SpriteFrames" id=1]
animations = [ {
"frames": [ ExtResource( 10 ), ExtResource( 11 ), ExtResource( 9 ), ExtResource( 6 ), ExtResource( 7 ), ExtResource( 8 ), ExtResource( 5 ), ExtResource( 3 ), ExtResource( 4 ), ExtResource( 3 ), ExtResource( 5 ), ExtResource( 4 ), ExtResource( 5 ), ExtResource( 8 ), ExtResource( 7 ), ExtResource( 6 ), ExtResource( 9 ), ExtResource( 11 ), ExtResource( 10 ), ExtResource( 10 ), ExtResource( 10 ) ],
"loop": true,
"name": "default",
"speed": 4.0
} ]

[sub_resource type="RectangleShape2D" id=2]
extents = Vector2( 92.0596, 31.7437 )

[node name="Lemon" type="Area2D"]
position = Vector2( 6.14047, -21.1394 )
script = ExtResource( 2 )
correct_item = "MagicStaff"
any_item_dialogue = "Luckily, I am free of desire"
wrong_item_dialogue = "You fool, I am free!"
correct_item_dialogue = "I guess i will settle for ultimate power!"
CatToy_dialogue = "You fool, I am free"
Glasses_dialogue = "I have read every book already"
RollerBlades_dialogue = "I have no need to roll"
Diary_dialogue = "My life is too advanced"
SunHat_dialogue = "I am better than the sun"
LoveLetters_dialogue = "I have no time for that"

[node name="Sprite" type="AnimatedSprite" parent="."]
position = Vector2( -29.2452, -33.8608 )
scale = Vector2( 1.1677, 0.996778 )
frames = SubResource( 1 )
frame = 16
playing = true

[node name="CollisionShape2D" type="CollisionShape2D" parent="."]
shape = SubResource( 2 )

[node name="Label" type="Label" parent="."]
margin_left = 12.6992
margin_top = -52.5717
margin_right = 89.6992
margin_bottom = -38.5717
custom_colors/font_color = Color( 0.823529, 0.109804, 0.109804, 1 )
text = "no collision"
__meta__ = {
"_edit_use_anchors_": false
}

[node name="HappySoundPlayer" type="AudioStreamPlayer2D" parent="."]
stream = ExtResource( 1 )
volume_db = -60.0

[node name="Speech" parent="." instance=ExtResource( 12 )]
position = Vector2( 71.9773, -153.143 )

[connection signal="body_entered" from="." to="." method="_on_Area2Dnpc_body_entered"]
[connection signal="body_exited" from="." to="." method="_on_Area2Dnpc_body_exited"]
