[gd_scene load_steps=4 format=2]

[ext_resource path="res://CommonRecourses/AnimatedSpeechBubble.tscn" type="PackedScene" id=1]

[sub_resource type="Gradient" id=1]
colors = PoolColorArray( 0.980392, 0.184314, 0.054902, 1, 0.807843, 0.847059, 0.117647, 1 )

[sub_resource type="GradientTexture" id=2]
gradient = SubResource( 1 )

[node name="Victory" type="Node2D"]

[node name="Speech" parent="." instance=ExtResource( 1 )]
position = Vector2( 483.596, -1045.06 )
z_index = 1
bubble_text = "VICTORY!!!!!!"
auto_display = true

[node name="Speech8" parent="." instance=ExtResource( 1 )]
position = Vector2( 1260.47, -1440.18 )
z_index = 1
bubble_text = "VICTORY!!!!!!"
auto_display = true

[node name="Speech9" parent="." instance=ExtResource( 1 )]
position = Vector2( 945.451, -1426.83 )
z_index = 1
bubble_text = "VICTORY!!!!!!"
auto_display = true

[node name="Speech10" parent="." instance=ExtResource( 1 )]
position = Vector2( 1004.18, -1218.59 )
z_index = 1
bubble_text = "VICTORY!!!!!!"
auto_display = true

[node name="Speech11" parent="." instance=ExtResource( 1 )]
position = Vector2( 1199.07, 209.685 )
z_index = 1
bubble_text = "VICTORY!!!!!!"
auto_display = true

[node name="Speech12" parent="." instance=ExtResource( 1 )]
position = Vector2( 1159.03, -59.9531 )
z_index = 1
bubble_text = "VICTORY!!!!!!"
auto_display = true

[node name="Speech2" parent="." instance=ExtResource( 1 )]
position = Vector2( 1115.27, -391.837 )
z_index = 1
bubble_text = "VICTORY!!!!!!"
auto_display = true

[node name="Speech3" parent="." instance=ExtResource( 1 )]
position = Vector2( 1550.93, -900.619 )
z_index = 1
bubble_text = "VICTORY!!!!!!"
auto_display = true

[node name="Speech4" parent="." instance=ExtResource( 1 )]
position = Vector2( 1299.36, 462.154 )
z_index = 1
bubble_text = "VICTORY!!!!!!"
auto_display = true

[node name="Speech5" parent="." instance=ExtResource( 1 )]
position = Vector2( 1109.5, -549.799 )
z_index = 1
bubble_text = "VICTORY!!!!!!"
auto_display = true

[node name="Speech6" parent="." instance=ExtResource( 1 )]
position = Vector2( 1077.11, 646.238 )
z_index = 1
bubble_text = "VICTORY!!!!!!"
auto_display = true

[node name="Speech7" parent="." instance=ExtResource( 1 )]
position = Vector2( 1012.73, -949.794 )
z_index = 1
bubble_text = "VICTORY!!!!!!"
auto_display = true

[node name="TextureRect" type="TextureRect" parent="."]
margin_top = -1882.0
margin_right = 2048.0
margin_bottom = 868.0
texture = SubResource( 2 )
expand = true
__meta__ = {
"_edit_lock_": true,
"_edit_use_anchors_": false
}
